
%% Created for Ryan at 2008-09-08 16:06:28 -0700 


%% Saved with string encoding Unicode (UTF-8) 

@article{butts.acton.marcum:2010a,
	Author = {Carter T. Butts and Ryan M. Acton and Christopher Steven Marcum},
	Date-Added = {2008-09-08 15:55:45 -0700},
	Date-Modified = {2008-09-08 16:06:06 -0700},
	Journal = {Journal of Social Structure},
	Title = {Interorganizational Collaboration In the {H}urricane {K}atrina Response},
	Year = {2010}}

@TECHREPORT{tierney2002llrg,
  author = {Kathleen Tierney},
  title = {Lessons Learned from Research on Group and Organizational Response
	to Disasters},
  year = {2002},
  file = {tierney2002llrg.pdf:tierney2002llrg.pdf:PDF},
  organization = {Disaster Research Center: University of Delaware},
  pages = {1--16}
}

@ARTICLE{lind&2008brdr,
  author = {Ben E Lind and Miguel Tirado and Carter Tribley Butts and Miruna
	{Petruscu-Prahova}},
  title = {Brokerage roles in disaster response: Organizational mediation in
	the wake of {Hurricane Katrina}},
  journal = {International Journal of Emergency Management},
  year = {2008},
  volume = {5},
  number = {1},
  pages = {75--99},
  file = {lind&2008brdr.pdf:lind&2008brdr.pdf:PDF}
}
